%YAML 1.1
%TAG !u! tag:unity3d.com,2011:
--- !u!1 &5795021184579916049
GameObject:
  m_ObjectHideFlags: 0
  m_CorrespondingSourceObject: {fileID: 0}
  m_PrefabInstance: {fileID: 0}
  m_PrefabAsset: {fileID: 0}
  serializedVersion: 6
  m_Component:
  - component: {fileID: 1582544622176299893}
  - component: {fileID: 5670451020146940598}
  - component: {fileID: 8309891197193529688}
  - component: {fileID: 7440166584783321058}
  - component: {fileID: 3880173353906064785}
  m_Layer: 0
  m_Name: left
  m_TagString: Untagged
  m_Icon: {fileID: 0}
  m_NavMeshLayer: 0
  m_StaticEditorFlags: 0
  m_IsActive: 1
--- !u!4 &1582544622176299893
Transform:
  m_ObjectHideFlags: 0
  m_CorrespondingSourceObject: {fileID: 0}
  m_PrefabInstance: {fileID: 0}
  m_PrefabAsset: {fileID: 0}
  m_GameObject: {fileID: 5795021184579916049}
  m_LocalRotation: {x: 1.4223563e-16, y: -0.18099932, z: -0.000000021576803, w: 0.98348325}
  m_LocalPosition: {x: -38.9, y: 0, z: 140.5}
  m_LocalScale: {x: 1, y: 1, z: 1}
  m_Children: []
  m_Father: {fileID: 0}
  m_RootOrder: 0
  m_LocalEulerAnglesHint: {x: 0, y: 0, z: 0}
--- !u!114 &5670451020146940598
MonoBehaviour:
  m_ObjectHideFlags: 0
  m_CorrespondingSourceObject: {fileID: 0}
  m_PrefabInstance: {fileID: 0}
  m_PrefabAsset: {fileID: 0}
  m_GameObject: {fileID: 5795021184579916049}
  m_Enabled: 1
  m_EditorHideFlags: 0
  m_Script: {fileID: 11500000, guid: 8233d90336aea43098adf6dbabd606a2, type: 3}
  m_Name: 
  m_EditorClassIdentifier: 
  m_MeshFormatVersion: 1
  m_Faces:
  - m_Indexes: 000000000100000002000000010000000300000002000000
    m_SmoothingGroup: 0
    m_Uv:
      m_UseWorldSpace: 0
      m_FlipU: 0
      m_FlipV: 0
      m_SwapUV: 0
      m_Fill: 1
      m_Scale: {x: 1, y: 1}
      m_Offset: {x: 0, y: 0}
      m_Rotation: 0
      m_Anchor: 9
    m_Material: {fileID: 2100000, guid: c22777d6e868e4f2fb421913386b154e, type: 2}
    m_SubmeshIndex: 0
    m_ManualUV: 0
    elementGroup: 0
    m_TextureGroup: -1
  - m_Indexes: 040000000500000006000000050000000700000006000000
    m_SmoothingGroup: 0
    m_Uv:
      m_UseWorldSpace: 0
      m_FlipU: 0
      m_FlipV: 0
      m_SwapUV: 0
      m_Fill: 1
      m_Scale: {x: 1, y: 1}
      m_Offset: {x: 0, y: 0}
      m_Rotation: 0
      m_Anchor: 9
    m_Material: {fileID: 2100000, guid: c22777d6e868e4f2fb421913386b154e, type: 2}
    m_SubmeshIndex: 0
    m_ManualUV: 0
    elementGroup: 0
    m_TextureGroup: -1
  - m_Indexes: 08000000090000000a000000090000000b0000000a000000
    m_SmoothingGroup: 0
    m_Uv:
      m_UseWorldSpace: 0
      m_FlipU: 0
      m_FlipV: 0
      m_SwapUV: 0
      m_Fill: 1
      m_Scale: {x: 1, y: 1}
      m_Offset: {x: 0, y: 0}
      m_Rotation: 0
      m_Anchor: 9
    m_Material: {fileID: 2100000, guid: c22777d6e868e4f2fb421913386b154e, type: 2}
    m_SubmeshIndex: 0
    m_ManualUV: 0
    elementGroup: 0
    m_TextureGroup: -1
  - m_Indexes: 0c0000000d0000000e0000000d0000000f0000000e000000
    m_SmoothingGroup: 0
    m_Uv:
      m_UseWorldSpace: 0
      m_FlipU: 0
      m_FlipV: 0
      m_SwapUV: 0
      m_Fill: 1
      m_Scale: {x: 1, y: 1}
      m_Offset: {x: 0, y: 0}
      m_Rotation: 0
      m_Anchor: 9
    m_Material: {fileID: 2100000, guid: c22777d6e868e4f2fb421913386b154e, type: 2}
    m_SubmeshIndex: 0
    m_ManualUV: 0
    elementGroup: 0
    m_TextureGroup: -1
  - m_Indexes: 100000001100000012000000110000001300000012000000
    m_SmoothingGroup: 0
    m_Uv:
      m_UseWorldSpace: 0
      m_FlipU: 0
      m_FlipV: 0
      m_SwapUV: 0
      m_Fill: 1
      m_Scale: {x: 1, y: 1}
      m_Offset: {x: 0, y: 0}
      m_Rotation: 0
      m_Anchor: 9
    m_Material: {fileID: 2100000, guid: c22777d6e868e4f2fb421913386b154e, type: 2}
    m_SubmeshIndex: 0
    m_ManualUV: 0
    elementGroup: 0
    m_TextureGroup: -1
  - m_Indexes: 140000001500000016000000150000001700000016000000
    m_SmoothingGroup: 0
    m_Uv:
      m_UseWorldSpace: 0
      m_FlipU: 0
      m_FlipV: 0
      m_SwapUV: 0
      m_Fill: 1
      m_Scale: {x: 1, y: 1}
      m_Offset: {x: 0, y: 0}
      m_Rotation: 0
      m_Anchor: 9
    m_Material: {fileID: 2100000, guid: c22777d6e868e4f2fb421913386b154e, type: 2}
    m_SubmeshIndex: 0
    m_ManualUV: 0
    elementGroup: 0
    m_TextureGroup: -1
  - m_Indexes: 18000000190000001a000000190000001b0000001a000000
    m_SmoothingGroup: 0
    m_Uv:
      m_UseWorldSpace: 0
      m_FlipU: 0
      m_FlipV: 0
      m_SwapUV: 0
      m_Fill: 1
      m_Scale: {x: 1, y: 1}
      m_Offset: {x: 0, y: 0}
      m_Rotation: 0
      m_Anchor: 9
    m_Material: {fileID: 2100000, guid: c22777d6e868e4f2fb421913386b154e, type: 2}
    m_SubmeshIndex: 0
    m_ManualUV: 0
    elementGroup: 0
    m_TextureGroup: -1
  - m_Indexes: 1c0000001d0000001e0000001d0000001f0000001e000000
    m_SmoothingGroup: 0
    m_Uv:
      m_UseWorldSpace: 0
      m_FlipU: 0
      m_FlipV: 0
      m_SwapUV: 0
      m_Fill: 1
      m_Scale: {x: 1, y: 1}
      m_Offset: {x: 0, y: 0}
      m_Rotation: 0
      m_Anchor: 9
    m_Material: {fileID: 2100000, guid: c22777d6e868e4f2fb421913386b154e, type: 2}
    m_SubmeshIndex: 0
    m_ManualUV: 0
    elementGroup: 0
    m_TextureGroup: -1
  - m_Indexes: 200000002100000022000000210000002300000022000000
    m_SmoothingGroup: 0
    m_Uv:
      m_UseWorldSpace: 0
      m_FlipU: 0
      m_FlipV: 0
      m_SwapUV: 0
      m_Fill: 1
      m_Scale: {x: 1, y: 1}
      m_Offset: {x: 0, y: 0}
      m_Rotation: 0
      m_Anchor: 9
    m_Material: {fileID: 2100000, guid: c22777d6e868e4f2fb421913386b154e, type: 2}
    m_SubmeshIndex: 0
    m_ManualUV: 0
    elementGroup: 0
    m_TextureGroup: -1
  - m_Indexes: 240000002500000026000000250000002700000026000000
    m_SmoothingGroup: 0
    m_Uv:
      m_UseWorldSpace: 0
      m_FlipU: 0
      m_FlipV: 0
      m_SwapUV: 0
      m_Fill: 1
      m_Scale: {x: 1, y: 1}
      m_Offset: {x: 0, y: 0}
      m_Rotation: 0
      m_Anchor: 9
    m_Material: {fileID: 2100000, guid: c22777d6e868e4f2fb421913386b154e, type: 2}
    m_SubmeshIndex: 0
    m_ManualUV: 0
    elementGroup: 0
    m_TextureGroup: -1
  - m_Indexes: 28000000290000002a000000290000002b0000002a000000
    m_SmoothingGroup: 0
    m_Uv:
      m_UseWorldSpace: 0
      m_FlipU: 0
      m_FlipV: 0
      m_SwapUV: 0
      m_Fill: 1
      m_Scale: {x: 1, y: 1}
      m_Offset: {x: 0, y: 0}
      m_Rotation: 0
      m_Anchor: 9
    m_Material: {fileID: 2100000, guid: c22777d6e868e4f2fb421913386b154e, type: 2}
    m_SubmeshIndex: 0
    m_ManualUV: 0
    elementGroup: 0
    m_TextureGroup: -1
  - m_Indexes: 2c0000002d0000002e0000002d0000002f0000002e000000
    m_SmoothingGroup: 0
    m_Uv:
      m_UseWorldSpace: 0
      m_FlipU: 0
      m_FlipV: 0
      m_SwapUV: 0
      m_Fill: 1
      m_Scale: {x: 1, y: 1}
      m_Offset: {x: 0, y: 0}
      m_Rotation: 0
      m_Anchor: 9
    m_Material: {fileID: 2100000, guid: c22777d6e868e4f2fb421913386b154e, type: 2}
    m_SubmeshIndex: 0
    m_ManualUV: 0
    elementGroup: 0
    m_TextureGroup: -1
  - m_Indexes: 300000003100000032000000310000003300000032000000
    m_SmoothingGroup: 0
    m_Uv:
      m_UseWorldSpace: 0
      m_FlipU: 0
      m_FlipV: 0
      m_SwapUV: 0
      m_Fill: 1
      m_Scale: {x: 1, y: 1}
      m_Offset: {x: 0, y: 0}
      m_Rotation: 0
      m_Anchor: 9
    m_Material: {fileID: 2100000, guid: c22777d6e868e4f2fb421913386b154e, type: 2}
    m_SubmeshIndex: 0
    m_ManualUV: 0
    elementGroup: 0
    m_TextureGroup: -1
  - m_Indexes: 340000003500000036000000350000003700000036000000
    m_SmoothingGroup: 0
    m_Uv:
      m_UseWorldSpace: 0
      m_FlipU: 0
      m_FlipV: 0
      m_SwapUV: 0
      m_Fill: 1
      m_Scale: {x: 1, y: 1}
      m_Offset: {x: 0, y: 0}
      m_Rotation: 0
      m_Anchor: 9
    m_Material: {fileID: 2100000, guid: c22777d6e868e4f2fb421913386b154e, type: 2}
    m_SubmeshIndex: 0
    m_ManualUV: 0
    elementGroup: 0
    m_TextureGroup: -1
  - m_Indexes: 38000000390000003a000000390000003b0000003a000000
    m_SmoothingGroup: 0
    m_Uv:
      m_UseWorldSpace: 0
      m_FlipU: 0
      m_FlipV: 0
      m_SwapUV: 0
      m_Fill: 1
      m_Scale: {x: 1, y: 1}
      m_Offset: {x: 0, y: 0}
      m_Rotation: 0
      m_Anchor: 9
    m_Material: {fileID: 2100000, guid: c22777d6e868e4f2fb421913386b154e, type: 2}
    m_SubmeshIndex: 0
    m_ManualUV: 0
    elementGroup: 0
    m_TextureGroup: -1
  - m_Indexes: 3c0000003d0000003e0000003d0000003f0000003e000000
    m_SmoothingGroup: 0
    m_Uv:
      m_UseWorldSpace: 0
      m_FlipU: 0
      m_FlipV: 0
      m_SwapUV: 0
      m_Fill: 1
      m_Scale: {x: 1, y: 1}
      m_Offset: {x: 0, y: 0}
      m_Rotation: 0
      m_Anchor: 9
    m_Material: {fileID: 2100000, guid: c22777d6e868e4f2fb421913386b154e, type: 2}
    m_SubmeshIndex: 0
    m_ManualUV: 0
    elementGroup: 0
    m_TextureGroup: -1
  m_SharedVertices:
  - m_Vertices: 00000000
  - m_Vertices: 0100000004000000
  - m_Vertices: 0200000010000000
  - m_Vertices: 03000000060000001100000014000000
  - m_Vertices: 0500000008000000
  - m_Vertices: 070000000a0000001500000018000000
  - m_Vertices: 090000000c000000
  - m_Vertices: 0b0000000e000000190000001c000000
  - m_Vertices: 0d000000
  - m_Vertices: 0f0000001d000000
  - m_Vertices: 1200000020000000
  - m_Vertices: 13000000160000002100000024000000
  - m_Vertices: 170000001a0000002500000028000000
  - m_Vertices: 1b0000001e000000290000002c000000
  - m_Vertices: 1f0000002d000000
  - m_Vertices: 2200000030000000
  - m_Vertices: 23000000260000003100000034000000
  - m_Vertices: 270000002a0000003500000038000000
  - m_Vertices: 2b0000002e000000390000003c000000
  - m_Vertices: 2f0000003d000000
  - m_Vertices: 32000000
  - m_Vertices: 3300000036000000
  - m_Vertices: 370000003a000000
  - m_Vertices: 3b0000003e000000
  - m_Vertices: 3f000000
  m_SharedTextures: []
  m_Positions:
  - {x: 0, y: 0, z: 0}
  - {x: -6.9095287, y: -0.00000029638778, z: 7.736269}
  - {x: 1.25, y: 0, z: 0}
  - {x: -5.6595235, y: -0.00000029638767, z: 7.7362814}
  - {x: -6.9095287, y: -0.00000029638778, z: 7.736269}
  - {x: -6.9095235, y: -0.00000029638764, z: 13.986278}
  - {x: -5.6595235, y: -0.00000029638767, z: 7.7362814}
  - {x: -5.659524, y: -0.00000029638764, z: 13.986276}
  - {x: -6.9095235, y: -0.00000029638764, z: 13.986278}
  - {x: -6.9095273, y: -0.00000029638775, z: 20.236273}
  - {x: -5.659524, y: -0.00000029638764, z: 13.986276}
  - {x: -5.659528, y: -0.00000029638775, z: 20.23627}
  - {x: -6.9095273, y: -0.00000029638775, z: 20.236273}
  - {x: 0, y: 0, z: 25}
  - {x: -5.659528, y: -0.00000029638775, z: 20.23627}
  - {x: 1.25, y: 0, z: 25}
  - {x: 1.25, y: 0, z: 0}
  - {x: -5.6595235, y: -0.00000029638767, z: 7.7362814}
  - {x: 2.5, y: 0, z: 0}
  - {x: -4.409524, y: -0.00000029638767, z: 7.7362795}
  - {x: -5.6595235, y: -0.00000029638767, z: 7.7362814}
  - {x: -5.659524, y: -0.00000029638764, z: 13.986276}
  - {x: -4.409524, y: -0.00000029638767, z: 7.7362795}
  - {x: -4.4095244, y: -0.00000029638764, z: 13.986274}
  - {x: -5.659524, y: -0.00000029638764, z: 13.986276}
  - {x: -5.659528, y: -0.00000029638775, z: 20.23627}
  - {x: -4.4095244, y: -0.00000029638764, z: 13.986274}
  - {x: -4.4095283, y: -0.00000029638775, z: 20.236269}
  - {x: -5.659528, y: -0.00000029638775, z: 20.23627}
  - {x: 1.25, y: 0, z: 25}
  - {x: -4.4095283, y: -0.00000029638775, z: 20.236269}
  - {x: 2.5, y: 0, z: 25}
  - {x: 2.5, y: 0, z: 0}
  - {x: -4.409524, y: -0.00000029638767, z: 7.7362795}
  - {x: 3.75, y: 0, z: 0}
  - {x: -3.1595242, y: -0.00000029638767, z: 7.7362776}
  - {x: -4.409524, y: -0.00000029638767, z: 7.7362795}
  - {x: -4.4095244, y: -0.00000029638764, z: 13.986274}
  - {x: -3.1595242, y: -0.00000029638767, z: 7.7362776}
  - {x: -3.1595244, y: -0.00000029638764, z: 13.986272}
  - {x: -4.4095244, y: -0.00000029638764, z: 13.986274}
  - {x: -4.4095283, y: -0.00000029638775, z: 20.236269}
  - {x: -3.1595244, y: -0.00000029638764, z: 13.986272}
  - {x: -3.159523, y: -0.00000029638764, z: 20.23628}
  - {x: -4.4095283, y: -0.00000029638775, z: 20.236269}
  - {x: 2.5, y: 0, z: 25}
  - {x: -3.159523, y: -0.00000029638764, z: 20.23628}
  - {x: 3.75, y: 0, z: 25}
  - {x: 3.75, y: 0, z: 0}
  - {x: -3.1595242, y: -0.00000029638767, z: 7.7362776}
  - {x: 5, y: 0, z: 0}
  - {x: -1.9095246, y: -0.00000029638767, z: 7.7362757}
  - {x: -3.1595242, y: -0.00000029638767, z: 7.7362776}
  - {x: -3.1595244, y: -0.00000029638764, z: 13.986272}
  - {x: -1.9095246, y: -0.00000029638767, z: 7.7362757}
  - {x: -1.9095248, y: -0.00000029638764, z: 13.98627}
  - {x: -3.1595244, y: -0.00000029638764, z: 13.986272}
  - {x: -3.159523, y: -0.00000029638764, z: 20.23628}
  - {x: -1.9095248, y: -0.00000029638764, z: 13.98627}
  - {x: -1.9095232, y: -0.00000029638764, z: 20.236279}
  - {x: -3.159523, y: -0.00000029638764, z: 20.23628}
  - {x: 3.75, y: 0, z: 25}
  - {x: -1.9095232, y: -0.00000029638764, z: 20.236279}
  - {x: 5, y: 0, z: 25}
  m_Textures0:
  - {x: 0, y: 0}
  - {x: -6.9095287, y: 7.736269}
  - {x: 1.25, y: 0}
  - {x: -5.6595235, y: 7.7362814}
  - {x: -6.9095287, y: 7.736269}
  - {x: -6.9095235, y: 13.986278}
  - {x: -5.6595235, y: 7.7362814}
  - {x: -5.659524, y: 13.986276}
  - {x: -6.9095235, y: 13.986278}
  - {x: -6.9095273, y: 20.236273}
  - {x: -5.659524, y: 13.986276}
  - {x: -5.659528, y: 20.23627}
  - {x: -6.9095273, y: 20.236273}
  - {x: 0, y: 25}
  - {x: -5.659528, y: 20.23627}
  - {x: 1.25, y: 25}
  - {x: 1.25, y: 0}
  - {x: -5.6595235, y: 7.7362814}
  - {x: 2.5, y: 0}
  - {x: -4.409524, y: 7.7362795}
  - {x: -5.6595235, y: 7.7362814}
  - {x: -5.659524, y: 13.986276}
  - {x: -4.409524, y: 7.7362795}
  - {x: -4.4095244, y: 13.986274}
  - {x: -5.659524, y: 13.986276}
  - {x: -5.659528, y: 20.23627}
  - {x: -4.4095244, y: 13.986274}
  - {x: -4.4095283, y: 20.236269}
  - {x: -5.659528, y: 20.23627}
  - {x: 1.25, y: 25}
  - {x: -4.4095283, y: 20.236269}
  - {x: 2.5, y: 25}
  - {x: 2.5, y: 0}
  - {x: -4.409524, y: 7.7362795}
  - {x: 3.75, y: 0}
  - {x: -3.1595242, y: 7.7362776}
  - {x: -4.409524, y: 7.7362795}
  - {x: -4.4095244, y: 13.986274}
  - {x: -3.1595242, y: 7.7362776}
  - {x: -3.1595244, y: 13.986272}
  - {x: -4.4095244, y: 13.986274}
  - {x: -4.4095283, y: 20.236269}
  - {x: -3.1595244, y: 13.986272}
  - {x: -3.159523, y: 20.23628}
  - {x: -4.4095283, y: 20.236269}
  - {x: 2.5, y: 25}
  - {x: -3.159523, y: 20.23628}
  - {x: 3.75, y: 25}
  - {x: 3.75, y: 0}
  - {x: -3.1595242, y: 7.7362776}
  - {x: 5, y: 0}
  - {x: -1.9095246, y: 7.7362757}
  - {x: -3.1595242, y: 7.7362776}
  - {x: -3.1595244, y: 13.986272}
  - {x: -1.9095246, y: 7.7362757}
  - {x: -1.9095248, y: 13.98627}
  - {x: -3.1595244, y: 13.986272}
  - {x: -3.159523, y: 20.23628}
  - {x: -1.9095248, y: 13.98627}
  - {x: -1.9095232, y: 20.236279}
  - {x: -3.159523, y: 20.23628}
  - {x: 3.75, y: 25}
  - {x: -1.9095232, y: 20.236279}
  - {x: 5, y: 25}
  m_Textures2: []
  m_Textures3: []
  m_Tangents:
  - {x: 1, y: 0, z: 0, w: -1}
  - {x: 1, y: 2.354619e-13, z: 0, w: -1}
  - {x: 1, y: 2.354619e-13, z: 0, w: -1}
  - {x: 1, y: 4.709238e-13, z: 0, w: -1}
  - {x: 1, y: 9.094887e-14, z: 0, w: -1}
  - {x: 1, y: 4.5474438e-14, z: 0, w: -1}
  - {x: 1, y: 4.5474438e-14, z: 0, w: -1}
  - {x: 1, y: 6.938903e-21, z: 0, w: -1}
  - {x: 1, y: -2.775561e-20, z: 0, w: -1}
  - {x: 1, y: -2.775561e-20, z: 0, w: -1}
  - {x: 1, y: -2.775561e-20, z: 0, w: -1}
  - {x: 1, y: -2.775561e-20, z: 0, w: -1}
  - {x: 1, y: 9.4936374e-14, z: 4.2160205e-28, w: -1}
  - {x: 1, y: 4.7468187e-14, z: 0, w: -1}
  - {x: 1, y: 4.7468187e-14, z: 0, w: -1}
  - {x: 1, y: 0, z: 0, w: -1}
  - {x: 1, y: 0, z: 0, w: -1}
  - {x: 1, y: -2.9229325e-14, z: 0, w: -1}
  - {x: 1, y: -2.9229325e-14, z: 0, w: -1}
  - {x: 1, y: -5.845865e-14, z: 0, w: -1}
  - {x: 1, y: 6.938903e-21, z: 0, w: -1}
  - {x: 1, y: 6.938903e-21, z: 0, w: -1}
  - {x: 1, y: 6.938903e-21, z: 0, w: -1}
  - {x: 1, y: 6.938903e-21, z: 0, w: -1}
  - {x: 1, y: -2.775561e-20, z: 0, w: -1}
  - {x: 1, y: -2.775561e-20, z: 0, w: -1}
  - {x: 1, y: -2.775561e-20, z: 0, w: -1}
  - {x: 1, y: -2.775561e-20, z: 0, w: -1}
  - {x: 1, y: 9.4936334e-14, z: 4.2160186e-28, w: -1}
  - {x: 1, y: 4.7468167e-14, z: 2.1080112e-28, w: -1}
  - {x: 1, y: 4.7468167e-14, z: 2.1080112e-28, w: -1}
  - {x: 1, y: 0, z: 0, w: -1}
  - {x: 1, y: 0, z: 0, w: -1}
  - {x: 1, y: -2.9229328e-14, z: 0, w: -1}
  - {x: 1, y: -2.9229328e-14, z: 0, w: -1}
  - {x: 1, y: -5.8458656e-14, z: 0, w: -1}
  - {x: 1, y: 6.9389015e-21, z: 0, w: -1}
  - {x: 1, y: 6.938901e-21, z: 0, w: -1}
  - {x: 1, y: 6.938901e-21, z: 0, w: -1}
  - {x: 1, y: 6.9389e-21, z: 3.673e-42, w: -1}
  - {x: 1, y: -2.7755596e-20, z: 0, w: -1}
  - {x: 1, y: 4.5474532e-14, z: 0, w: -1}
  - {x: 1, y: 4.5474532e-14, z: 0, w: -1}
  - {x: 1, y: 9.094909e-14, z: 0, w: -1}
  - {x: 1, y: -4.786737e-13, z: -3.3728588e-27, w: -1}
  - {x: 1, y: -2.3933684e-13, z: 0, w: -1}
  - {x: 1, y: -2.3933684e-13, z: 0, w: -1}
  - {x: 1, y: 0, z: 0, w: -1}
  - {x: 1, y: 0, z: 0, w: -1}
  - {x: 1, y: -2.922934e-14, z: 0, w: -1}
  - {x: 1, y: -2.922934e-14, z: 0, w: -1}
  - {x: 1, y: -5.845868e-14, z: 0, w: -1}
  - {x: 1, y: 6.938902e-21, z: 0, w: -1}
  - {x: 1, y: 6.938902e-21, z: 0, w: -1}
  - {x: 1, y: 6.938902e-21, z: 0, w: -1}
  - {x: 1, y: 6.938902e-21, z: 0, w: -1}
  - {x: 1, y: 0, z: 0, w: -1}
  - {x: 1, y: 0, z: 0, w: -1}
  - {x: 1, y: 0, z: 0, w: -1}
  - {x: 1, y: 0, z: 0, w: -1}
  - {x: 1, y: 9.4936476e-14, z: -4.216026e-28, w: -1}
  - {x: 1, y: 4.7468238e-14, z: -2.1080146e-28, w: -1}
  - {x: 1, y: 4.7468238e-14, z: -2.1080146e-28, w: -1}
  - {x: 1, y: 0, z: 0, w: -1}
  m_Colors: []
  m_UnwrapParameters:
    m_HardAngle: 88
    m_PackMargin: 20
    m_AngleError: 8
    m_AreaError: 15
  m_PreserveMeshAssetOnDestroy: 0
  assetGuid: 
  m_Mesh: {fileID: 0}
  m_IsSelectable: 1
  m_SelectedFaces: 
  m_SelectedEdges: []
  m_SelectedVertices: 
--- !u!23 &8309891197193529688
MeshRenderer:
  m_ObjectHideFlags: 0
  m_CorrespondingSourceObject: {fileID: 0}
  m_PrefabInstance: {fileID: 0}
  m_PrefabAsset: {fileID: 0}
  m_GameObject: {fileID: 5795021184579916049}
  m_Enabled: 1
  m_CastShadows: 1
  m_ReceiveShadows: 1
  m_DynamicOccludee: 1
  m_MotionVectors: 1
  m_LightProbeUsage: 1
  m_ReflectionProbeUsage: 1
  m_RayTracingMode: 2
  m_RenderingLayerMask: 1
  m_RendererPriority: 0
  m_Materials:
  - {fileID: 2100000, guid: ead869fc11762b646853f499e65c65fb, type: 2}
  m_StaticBatchInfo:
    firstSubMesh: 0
    subMeshCount: 0
  m_StaticBatchRoot: {fileID: 0}
  m_ProbeAnchor: {fileID: 0}
  m_LightProbeVolumeOverride: {fileID: 0}
  m_ScaleInLightmap: 1
  m_ReceiveGI: 1
  m_PreserveUVs: 0
  m_IgnoreNormalsForChartDetection: 0
  m_ImportantGI: 0
  m_StitchLightmapSeams: 1
  m_SelectedEditorRenderState: 2
  m_MinimumChartSize: 4
  m_AutoUVMaxDistance: 0.5
  m_AutoUVMaxAngle: 89
  m_LightmapParameters: {fileID: 0}
  m_SortingLayerID: 0
  m_SortingLayer: 0
  m_SortingOrder: 0
--- !u!33 &7440166584783321058
MeshFilter:
  m_ObjectHideFlags: 0
  m_CorrespondingSourceObject: {fileID: 0}
  m_PrefabInstance: {fileID: 0}
  m_PrefabAsset: {fileID: 0}
  m_GameObject: {fileID: 5795021184579916049}
  m_Mesh: {fileID: 0}
--- !u!64 &3880173353906064785
MeshCollider:
  m_ObjectHideFlags: 0
  m_CorrespondingSourceObject: {fileID: 0}
  m_PrefabInstance: {fileID: 0}
  m_PrefabAsset: {fileID: 0}
  m_GameObject: {fileID: 5795021184579916049}
  m_Material: {fileID: 0}
  m_IsTrigger: 0
  m_Enabled: 1
  serializedVersion: 4
  m_Convex: 0
  m_CookingOptions: 30
  m_Mesh: {fileID: 0}
