%YAML 1.1
%TAG !u! tag:unity3d.com,2011:
--- !u!1 &257910108233462819
GameObject:
  m_ObjectHideFlags: 0
  m_CorrespondingSourceObject: {fileID: 0}
  m_PrefabInstance: {fileID: 0}
  m_PrefabAsset: {fileID: 0}
  serializedVersion: 6
  m_Component:
  - component: {fileID: 4365164041547377145}
  - component: {fileID: 6032443099698749616}
  - component: {fileID: 2930061243177954656}
  - component: {fileID: 6792210620270372234}
  - component: {fileID: 7623688168591822411}
  m_Layer: 0
  m_Name: right
  m_TagString: Untagged
  m_Icon: {fileID: 0}
  m_NavMeshLayer: 0
  m_StaticEditorFlags: 0
  m_IsActive: 1
--- !u!4 &4365164041547377145
Transform:
  m_ObjectHideFlags: 0
  m_CorrespondingSourceObject: {fileID: 0}
  m_PrefabInstance: {fileID: 0}
  m_PrefabAsset: {fileID: 0}
  m_GameObject: {fileID: 257910108233462819}
  m_LocalRotation: {x: 1.4223563e-16, y: -0.18099932, z: -0.000000021576803, w: 0.98348325}
  m_LocalPosition: {x: -48.8, y: 0, z: 173.3}
  m_LocalScale: {x: 1, y: 1, z: 1}
  m_Children: []
  m_Father: {fileID: 0}
  m_RootOrder: 0
  m_LocalEulerAnglesHint: {x: 0, y: 0, z: 0}
--- !u!114 &6032443099698749616
MonoBehaviour:
  m_ObjectHideFlags: 0
  m_CorrespondingSourceObject: {fileID: 0}
  m_PrefabInstance: {fileID: 0}
  m_PrefabAsset: {fileID: 0}
  m_GameObject: {fileID: 257910108233462819}
  m_Enabled: 1
  m_EditorHideFlags: 0
  m_Script: {fileID: 11500000, guid: 8233d90336aea43098adf6dbabd606a2, type: 3}
  m_Name: 
  m_EditorClassIdentifier: 
  m_MeshFormatVersion: 1
  m_Faces:
  - m_Indexes: 000000000100000002000000010000000300000002000000
    m_SmoothingGroup: 0
    m_Uv:
      m_UseWorldSpace: 0
      m_FlipU: 0
      m_FlipV: 0
      m_SwapUV: 0
      m_Fill: 1
      m_Scale: {x: 1, y: 1}
      m_Offset: {x: 0, y: 0}
      m_Rotation: 0
      m_Anchor: 9
    m_Material: {fileID: 2100000, guid: c22777d6e868e4f2fb421913386b154e, type: 2}
    m_SubmeshIndex: 0
    m_ManualUV: 0
    elementGroup: 0
    m_TextureGroup: -1
  - m_Indexes: 040000000500000006000000050000000700000006000000
    m_SmoothingGroup: 0
    m_Uv:
      m_UseWorldSpace: 0
      m_FlipU: 0
      m_FlipV: 0
      m_SwapUV: 0
      m_Fill: 1
      m_Scale: {x: 1, y: 1}
      m_Offset: {x: 0, y: 0}
      m_Rotation: 0
      m_Anchor: 9
    m_Material: {fileID: 2100000, guid: c22777d6e868e4f2fb421913386b154e, type: 2}
    m_SubmeshIndex: 0
    m_ManualUV: 0
    elementGroup: 0
    m_TextureGroup: -1
  - m_Indexes: 08000000090000000a000000090000000b0000000a000000
    m_SmoothingGroup: 0
    m_Uv:
      m_UseWorldSpace: 0
      m_FlipU: 0
      m_FlipV: 0
      m_SwapUV: 0
      m_Fill: 1
      m_Scale: {x: 1, y: 1}
      m_Offset: {x: 0, y: 0}
      m_Rotation: 0
      m_Anchor: 9
    m_Material: {fileID: 2100000, guid: c22777d6e868e4f2fb421913386b154e, type: 2}
    m_SubmeshIndex: 0
    m_ManualUV: 0
    elementGroup: 0
    m_TextureGroup: -1
  - m_Indexes: 0c0000000d0000000e0000000d0000000f0000000e000000
    m_SmoothingGroup: 0
    m_Uv:
      m_UseWorldSpace: 0
      m_FlipU: 0
      m_FlipV: 0
      m_SwapUV: 0
      m_Fill: 1
      m_Scale: {x: 1, y: 1}
      m_Offset: {x: 0, y: 0}
      m_Rotation: 0
      m_Anchor: 9
    m_Material: {fileID: 2100000, guid: c22777d6e868e4f2fb421913386b154e, type: 2}
    m_SubmeshIndex: 0
    m_ManualUV: 0
    elementGroup: 0
    m_TextureGroup: -1
  - m_Indexes: 100000001100000012000000110000001300000012000000
    m_SmoothingGroup: 0
    m_Uv:
      m_UseWorldSpace: 0
      m_FlipU: 0
      m_FlipV: 0
      m_SwapUV: 0
      m_Fill: 1
      m_Scale: {x: 1, y: 1}
      m_Offset: {x: 0, y: 0}
      m_Rotation: 0
      m_Anchor: 9
    m_Material: {fileID: 2100000, guid: c22777d6e868e4f2fb421913386b154e, type: 2}
    m_SubmeshIndex: 0
    m_ManualUV: 0
    elementGroup: 0
    m_TextureGroup: -1
  - m_Indexes: 140000001500000016000000150000001700000016000000
    m_SmoothingGroup: 0
    m_Uv:
      m_UseWorldSpace: 0
      m_FlipU: 0
      m_FlipV: 0
      m_SwapUV: 0
      m_Fill: 1
      m_Scale: {x: 1, y: 1}
      m_Offset: {x: 0, y: 0}
      m_Rotation: 0
      m_Anchor: 9
    m_Material: {fileID: 2100000, guid: c22777d6e868e4f2fb421913386b154e, type: 2}
    m_SubmeshIndex: 0
    m_ManualUV: 0
    elementGroup: 0
    m_TextureGroup: -1
  - m_Indexes: 18000000190000001a000000190000001b0000001a000000
    m_SmoothingGroup: 0
    m_Uv:
      m_UseWorldSpace: 0
      m_FlipU: 0
      m_FlipV: 0
      m_SwapUV: 0
      m_Fill: 1
      m_Scale: {x: 1, y: 1}
      m_Offset: {x: 0, y: 0}
      m_Rotation: 0
      m_Anchor: 9
    m_Material: {fileID: 2100000, guid: c22777d6e868e4f2fb421913386b154e, type: 2}
    m_SubmeshIndex: 0
    m_ManualUV: 0
    elementGroup: 0
    m_TextureGroup: -1
  - m_Indexes: 1c0000001d0000001e0000001d0000001f0000001e000000
    m_SmoothingGroup: 0
    m_Uv:
      m_UseWorldSpace: 0
      m_FlipU: 0
      m_FlipV: 0
      m_SwapUV: 0
      m_Fill: 1
      m_Scale: {x: 1, y: 1}
      m_Offset: {x: 0, y: 0}
      m_Rotation: 0
      m_Anchor: 9
    m_Material: {fileID: 2100000, guid: c22777d6e868e4f2fb421913386b154e, type: 2}
    m_SubmeshIndex: 0
    m_ManualUV: 0
    elementGroup: 0
    m_TextureGroup: -1
  - m_Indexes: 200000002100000022000000210000002300000022000000
    m_SmoothingGroup: 0
    m_Uv:
      m_UseWorldSpace: 0
      m_FlipU: 0
      m_FlipV: 0
      m_SwapUV: 0
      m_Fill: 1
      m_Scale: {x: 1, y: 1}
      m_Offset: {x: 0, y: 0}
      m_Rotation: 0
      m_Anchor: 9
    m_Material: {fileID: 2100000, guid: c22777d6e868e4f2fb421913386b154e, type: 2}
    m_SubmeshIndex: 0
    m_ManualUV: 0
    elementGroup: 0
    m_TextureGroup: -1
  - m_Indexes: 240000002500000026000000250000002700000026000000
    m_SmoothingGroup: 0
    m_Uv:
      m_UseWorldSpace: 0
      m_FlipU: 0
      m_FlipV: 0
      m_SwapUV: 0
      m_Fill: 1
      m_Scale: {x: 1, y: 1}
      m_Offset: {x: 0, y: 0}
      m_Rotation: 0
      m_Anchor: 9
    m_Material: {fileID: 2100000, guid: c22777d6e868e4f2fb421913386b154e, type: 2}
    m_SubmeshIndex: 0
    m_ManualUV: 0
    elementGroup: 0
    m_TextureGroup: -1
  - m_Indexes: 28000000290000002a000000290000002b0000002a000000
    m_SmoothingGroup: 0
    m_Uv:
      m_UseWorldSpace: 0
      m_FlipU: 0
      m_FlipV: 0
      m_SwapUV: 0
      m_Fill: 1
      m_Scale: {x: 1, y: 1}
      m_Offset: {x: 0, y: 0}
      m_Rotation: 0
      m_Anchor: 9
    m_Material: {fileID: 2100000, guid: c22777d6e868e4f2fb421913386b154e, type: 2}
    m_SubmeshIndex: 0
    m_ManualUV: 0
    elementGroup: 0
    m_TextureGroup: -1
  - m_Indexes: 2c0000002d0000002e0000002d0000002f0000002e000000
    m_SmoothingGroup: 0
    m_Uv:
      m_UseWorldSpace: 0
      m_FlipU: 0
      m_FlipV: 0
      m_SwapUV: 0
      m_Fill: 1
      m_Scale: {x: 1, y: 1}
      m_Offset: {x: 0, y: 0}
      m_Rotation: 0
      m_Anchor: 9
    m_Material: {fileID: 2100000, guid: c22777d6e868e4f2fb421913386b154e, type: 2}
    m_SubmeshIndex: 0
    m_ManualUV: 0
    elementGroup: 0
    m_TextureGroup: -1
  - m_Indexes: 300000003100000032000000310000003300000032000000
    m_SmoothingGroup: 0
    m_Uv:
      m_UseWorldSpace: 0
      m_FlipU: 0
      m_FlipV: 0
      m_SwapUV: 0
      m_Fill: 1
      m_Scale: {x: 1, y: 1}
      m_Offset: {x: 0, y: 0}
      m_Rotation: 0
      m_Anchor: 9
    m_Material: {fileID: 2100000, guid: c22777d6e868e4f2fb421913386b154e, type: 2}
    m_SubmeshIndex: 0
    m_ManualUV: 0
    elementGroup: 0
    m_TextureGroup: -1
  - m_Indexes: 340000003500000036000000350000003700000036000000
    m_SmoothingGroup: 0
    m_Uv:
      m_UseWorldSpace: 0
      m_FlipU: 0
      m_FlipV: 0
      m_SwapUV: 0
      m_Fill: 1
      m_Scale: {x: 1, y: 1}
      m_Offset: {x: 0, y: 0}
      m_Rotation: 0
      m_Anchor: 9
    m_Material: {fileID: 2100000, guid: c22777d6e868e4f2fb421913386b154e, type: 2}
    m_SubmeshIndex: 0
    m_ManualUV: 0
    elementGroup: 0
    m_TextureGroup: -1
  - m_Indexes: 38000000390000003a000000390000003b0000003a000000
    m_SmoothingGroup: 0
    m_Uv:
      m_UseWorldSpace: 0
      m_FlipU: 0
      m_FlipV: 0
      m_SwapUV: 0
      m_Fill: 1
      m_Scale: {x: 1, y: 1}
      m_Offset: {x: 0, y: 0}
      m_Rotation: 0
      m_Anchor: 9
    m_Material: {fileID: 2100000, guid: c22777d6e868e4f2fb421913386b154e, type: 2}
    m_SubmeshIndex: 0
    m_ManualUV: 0
    elementGroup: 0
    m_TextureGroup: -1
  - m_Indexes: 3c0000003d0000003e0000003d0000003f0000003e000000
    m_SmoothingGroup: 0
    m_Uv:
      m_UseWorldSpace: 0
      m_FlipU: 0
      m_FlipV: 0
      m_SwapUV: 0
      m_Fill: 1
      m_Scale: {x: 1, y: 1}
      m_Offset: {x: 0, y: 0}
      m_Rotation: 0
      m_Anchor: 9
    m_Material: {fileID: 2100000, guid: c22777d6e868e4f2fb421913386b154e, type: 2}
    m_SubmeshIndex: 0
    m_ManualUV: 0
    elementGroup: 0
    m_TextureGroup: -1
  m_SharedVertices:
  - m_Vertices: 00000000
  - m_Vertices: 0100000004000000
  - m_Vertices: 0200000010000000
  - m_Vertices: 03000000060000001100000014000000
  - m_Vertices: 0500000008000000
  - m_Vertices: 070000000a0000001500000018000000
  - m_Vertices: 090000000c000000
  - m_Vertices: 0b0000000e000000190000001c000000
  - m_Vertices: 0d000000
  - m_Vertices: 0f0000001d000000
  - m_Vertices: 1200000020000000
  - m_Vertices: 13000000160000002100000024000000
  - m_Vertices: 170000001a0000002500000028000000
  - m_Vertices: 1b0000001e000000290000002c000000
  - m_Vertices: 1f0000002d000000
  - m_Vertices: 2200000030000000
  - m_Vertices: 23000000260000003100000034000000
  - m_Vertices: 270000002a0000003500000038000000
  - m_Vertices: 2b0000002e000000390000003c000000
  - m_Vertices: 2f0000003d000000
  - m_Vertices: 32000000
  - m_Vertices: 3300000036000000
  - m_Vertices: 370000003a000000
  - m_Vertices: 3b0000003e000000
  - m_Vertices: 3f000000
  m_SharedTextures: []
  m_Positions:
  - {x: 0, y: 0, z: 0}
  - {x: 2.0569897, y: 0.00000011752788, z: 3.4641056}
  - {x: 1.25, y: 0, z: 0}
  - {x: 3.3069947, y: 0.000000117527996, z: 3.464118}
  - {x: 2.0569897, y: 0.00000011752788, z: 3.4641056}
  - {x: 4.905143, y: 0.00000018001393, z: 14.064932}
  - {x: 3.3069947, y: 0.000000117527996, z: 3.464118}
  - {x: 6.155143, y: 0.00000018001393, z: 14.06493}
  - {x: 4.905143, y: 0.00000018001393, z: 14.064932}
  - {x: 4.905139, y: 0.00000018001373, z: 20.314928}
  - {x: 6.155143, y: 0.00000018001393, z: 14.06493}
  - {x: 6.155139, y: 0.00000018001374, z: 20.314926}
  - {x: 4.905139, y: 0.00000018001373, z: 20.314928}
  - {x: 0, y: 0, z: 25}
  - {x: 6.155139, y: 0.00000018001374, z: 20.314926}
  - {x: 1.25, y: 0, z: 25}
  - {x: 1.25, y: 0, z: 0}
  - {x: 3.3069947, y: 0.000000117527996, z: 3.464118}
  - {x: 2.5, y: 0, z: 0}
  - {x: 4.5569944, y: 0.00000011752798, z: 3.4641159}
  - {x: 3.3069947, y: 0.000000117527996, z: 3.464118}
  - {x: 6.155143, y: 0.00000018001393, z: 14.06493}
  - {x: 4.5569944, y: 0.00000011752798, z: 3.4641159}
  - {x: 7.4051423, y: 0.00000018001391, z: 14.064928}
  - {x: 6.155143, y: 0.00000018001393, z: 14.06493}
  - {x: 6.155139, y: 0.00000018001374, z: 20.314926}
  - {x: 7.4051423, y: 0.00000018001391, z: 14.064928}
  - {x: 7.4051385, y: 0.00000018001376, z: 20.314924}
  - {x: 6.155139, y: 0.00000018001374, z: 20.314926}
  - {x: 1.25, y: 0, z: 25}
  - {x: 7.4051385, y: 0.00000018001376, z: 20.314924}
  - {x: 2.5, y: 0, z: 25}
  - {x: 2.5, y: 0, z: 0}
  - {x: 4.5569944, y: 0.00000011752798, z: 3.4641159}
  - {x: 3.75, y: 0, z: 0}
  - {x: 5.806994, y: 0.00000011752798, z: 3.464114}
  - {x: 4.5569944, y: 0.00000011752798, z: 3.4641159}
  - {x: 7.4051423, y: 0.00000018001391, z: 14.064928}
  - {x: 5.806994, y: 0.00000011752798, z: 3.464114}
  - {x: 8.655142, y: 0.00000018001387, z: 14.064926}
  - {x: 7.4051423, y: 0.00000018001391, z: 14.064928}
  - {x: 7.4051385, y: 0.00000018001376, z: 20.314924}
  - {x: 8.655142, y: 0.00000018001387, z: 14.064926}
  - {x: 8.655144, y: 0.00000018001383, z: 20.314936}
  - {x: 7.4051385, y: 0.00000018001376, z: 20.314924}
  - {x: 2.5, y: 0, z: 25}
  - {x: 8.655144, y: 0.00000018001383, z: 20.314936}
  - {x: 3.75, y: 0, z: 25}
  - {x: 3.75, y: 0, z: 0}
  - {x: 5.806994, y: 0.00000011752798, z: 3.464114}
  - {x: 5, y: 0, z: 0}
  - {x: 7.056994, y: 0.00000011752795, z: 3.464112}
  - {x: 5.806994, y: 0.00000011752798, z: 3.464114}
  - {x: 8.655142, y: 0.00000018001387, z: 14.064926}
  - {x: 7.056994, y: 0.00000011752795, z: 3.464112}
  - {x: 9.905142, y: 0.00000018001388, z: 14.064924}
  - {x: 8.655142, y: 0.00000018001387, z: 14.064926}
  - {x: 8.655144, y: 0.00000018001383, z: 20.314936}
  - {x: 9.905142, y: 0.00000018001388, z: 14.064924}
  - {x: 9.905143, y: 0.0000001800138, z: 20.314934}
  - {x: 8.655144, y: 0.00000018001383, z: 20.314936}
  - {x: 3.75, y: 0, z: 25}
  - {x: 9.905143, y: 0.0000001800138, z: 20.314934}
  - {x: 5, y: 0, z: 25}
  m_Textures0:
  - {x: 0, y: 0}
  - {x: 2.0569897, y: 3.4641056}
  - {x: 1.25, y: 0}
  - {x: 3.3069947, y: 3.464118}
  - {x: 2.0569897, y: 3.4641056}
  - {x: 4.905143, y: 14.064932}
  - {x: 3.3069947, y: 3.464118}
  - {x: 6.155143, y: 14.06493}
  - {x: 4.905143, y: 14.064932}
  - {x: 4.905139, y: 20.314928}
  - {x: 6.155143, y: 14.06493}
  - {x: 6.155139, y: 20.314926}
  - {x: 4.905139, y: 20.314928}
  - {x: 0, y: 25}
  - {x: 6.155139, y: 20.314926}
  - {x: 1.25, y: 25}
  - {x: 1.25, y: 0}
  - {x: 3.3069947, y: 3.464118}
  - {x: 2.5, y: 0}
  - {x: 4.5569944, y: 3.4641159}
  - {x: 3.3069947, y: 3.464118}
  - {x: 6.155143, y: 14.06493}
  - {x: 4.5569944, y: 3.4641159}
  - {x: 7.4051423, y: 14.064928}
  - {x: 6.155143, y: 14.06493}
  - {x: 6.155139, y: 20.314926}
  - {x: 7.4051423, y: 14.064928}
  - {x: 7.4051385, y: 20.314924}
  - {x: 6.155139, y: 20.314926}
  - {x: 1.25, y: 25}
  - {x: 7.4051385, y: 20.314924}
  - {x: 2.5, y: 25}
  - {x: 2.5, y: 0}
  - {x: 4.5569944, y: 3.4641159}
  - {x: 3.75, y: 0}
  - {x: 5.806994, y: 3.464114}
  - {x: 4.5569944, y: 3.4641159}
  - {x: 7.4051423, y: 14.064928}
  - {x: 5.806994, y: 3.464114}
  - {x: 8.655142, y: 14.064926}
  - {x: 7.4051423, y: 14.064928}
  - {x: 7.4051385, y: 20.314924}
  - {x: 8.655142, y: 14.064926}
  - {x: 8.655144, y: 20.314936}
  - {x: 7.4051385, y: 20.314924}
  - {x: 2.5, y: 25}
  - {x: 8.655144, y: 20.314936}
  - {x: 3.75, y: 25}
  - {x: 3.75, y: 0}
  - {x: 5.806994, y: 3.464114}
  - {x: 5, y: 0}
  - {x: 7.056994, y: 3.464112}
  - {x: 5.806994, y: 3.464114}
  - {x: 8.655142, y: 14.064926}
  - {x: 7.056994, y: 3.464112}
  - {x: 9.905142, y: 14.064924}
  - {x: 8.655142, y: 14.064926}
  - {x: 8.655144, y: 20.314936}
  - {x: 9.905142, y: 14.064924}
  - {x: 9.905143, y: 20.314934}
  - {x: 8.655144, y: 20.314936}
  - {x: 3.75, y: 25}
  - {x: 9.905143, y: 20.314934}
  - {x: 5, y: 25}
  m_Textures2: []
  m_Textures3: []
  m_Tangents:
  - {x: 1, y: 0, z: 0, w: -1}
  - {x: 1, y: -1.2277434e-13, z: 0, w: -1}
  - {x: 1, y: -1.2277434e-13, z: 0, w: -1}
  - {x: 1, y: -2.4554867e-13, z: 0, w: -1}
  - {x: 1, y: 3.2487014e-14, z: 0, w: -1}
  - {x: 1, y: 2.0740611e-14, z: 0, w: -1}
  - {x: 1, y: 2.0740611e-14, z: 0, w: -1}
  - {x: 1, y: 8.994209e-15, z: 4.992789e-30, w: -1}
  - {x: 1, y: -4.8572288e-20, z: 0, w: -1}
  - {x: 1, y: 5.6842954e-15, z: 0, w: -1}
  - {x: 1, y: 5.6842954e-15, z: 0, w: -1}
  - {x: 1, y: 1.1368639e-14, z: 0, w: -1}
  - {x: 1, y: -4.725998e-14, z: 0, w: -1}
  - {x: 1, y: -2.362999e-14, z: 0, w: -1}
  - {x: 1, y: -2.362999e-14, z: 0, w: -1}
  - {x: 1, y: 0, z: 0, w: -1}
  - {x: 1, y: 0, z: 0, w: -1}
  - {x: 1, y: 2.3435645e-14, z: 0, w: -1}
  - {x: 1, y: 2.3435645e-14, z: 0, w: -1}
  - {x: 1, y: 4.687129e-14, z: 0, w: -1}
  - {x: 1, y: -1.2501934e-15, z: 0, w: -1}
  - {x: 1, y: -1.8123318e-15, z: -1.248198e-30, w: -1}
  - {x: 1, y: -1.8123318e-15, z: -1.248198e-30, w: -1}
  - {x: 1, y: -2.3744703e-15, z: -1.248198e-30, w: -1}
  - {x: 1, y: -1.1368733e-14, z: 0, w: -1}
  - {x: 1, y: -4.1504614e-20, z: 0, w: -1}
  - {x: 1, y: -4.1504614e-20, z: 0, w: -1}
  - {x: 1, y: 1.136865e-14, z: 0, w: -1}
  - {x: 1, y: -4.7259976e-14, z: 1.3018173e-28, w: -1}
  - {x: 1, y: -2.3629988e-14, z: 6.5090817e-29, w: -1}
  - {x: 1, y: -2.3629988e-14, z: 6.5090817e-29, w: -1}
  - {x: 1, y: 0, z: 0, w: -1}
  - {x: 1, y: 0, z: 0, w: -1}
  - {x: 1, y: 2.588445e-14, z: 5.7475016e-29, w: -1}
  - {x: 1, y: 2.588445e-14, z: 5.7475016e-29, w: -1}
  - {x: 1, y: 5.17689e-14, z: 1.1495001e-28, w: -1}
  - {x: 1, y: 8.9942126e-15, z: 4.992789e-30, w: -1}
  - {x: 1, y: -8.0588155e-15, z: 0, w: -1}
  - {x: 1, y: -8.0588155e-15, z: 0, w: -1}
  - {x: 1, y: -2.5111843e-14, z: 0, w: -1}
  - {x: 1, y: -3.4106103e-14, z: 0, w: -1}
  - {x: 1, y: 1.136857e-14, z: 2.6963054e-35, w: -1}
  - {x: 1, y: 1.136857e-14, z: 2.6963054e-35, w: -1}
  - {x: 1, y: 5.6843243e-14, z: 0, w: -1}
  - {x: 1, y: 4.0860907e-13, z: -1.0414406e-27, w: -1}
  - {x: 1, y: 2.0430454e-13, z: -5.20724e-28, w: -1}
  - {x: 1, y: 2.0430454e-13, z: -5.20724e-28, w: -1}
  - {x: 1, y: 0, z: 0, w: -1}
  - {x: 1, y: 0, z: 0, w: -1}
  - {x: 1, y: 1.1673606e-14, z: 0, w: -1}
  - {x: 1, y: 1.1673606e-14, z: 0, w: -1}
  - {x: 1, y: 2.3347211e-14, z: 0, w: -1}
  - {x: 1, y: -1.9427495e-14, z: 0, w: -1}
  - {x: 1, y: 4.676977e-16, z: 0, w: -1}
  - {x: 1, y: 4.676977e-16, z: 0, w: -1}
  - {x: 1, y: 2.036289e-14, z: 0, w: -1}
  - {x: 1, y: 1.1368674e-14, z: 0, w: -1}
  - {x: 1, y: -5.6843665e-15, z: -4.3333357e-36, w: -1}
  - {x: 1, y: -5.6843665e-15, z: -4.3333357e-36, w: -1}
  - {x: 1, y: -2.2737407e-14, z: -2.3111119e-35, w: -1}
  - {x: 1, y: -8.136627e-14, z: 2.6036437e-28, w: -1}
  - {x: 1, y: -4.0683135e-14, z: 1.3018201e-28, w: -1}
  - {x: 1, y: -4.0683135e-14, z: 1.3018201e-28, w: -1}
  - {x: 1, y: 0, z: 0, w: -1}
  m_Colors: []
  m_UnwrapParameters:
    m_HardAngle: 88
    m_PackMargin: 20
    m_AngleError: 8
    m_AreaError: 15
  m_PreserveMeshAssetOnDestroy: 0
  assetGuid: 
  m_Mesh: {fileID: 0}
  m_IsSelectable: 1
  m_SelectedFaces: 
  m_SelectedEdges: []
  m_SelectedVertices: 
--- !u!23 &2930061243177954656
MeshRenderer:
  m_ObjectHideFlags: 0
  m_CorrespondingSourceObject: {fileID: 0}
  m_PrefabInstance: {fileID: 0}
  m_PrefabAsset: {fileID: 0}
  m_GameObject: {fileID: 257910108233462819}
  m_Enabled: 1
  m_CastShadows: 1
  m_ReceiveShadows: 1
  m_DynamicOccludee: 1
  m_MotionVectors: 1
  m_LightProbeUsage: 1
  m_ReflectionProbeUsage: 1
  m_RayTracingMode: 2
  m_RenderingLayerMask: 1
  m_RendererPriority: 0
  m_Materials:
  - {fileID: 2100000, guid: ead869fc11762b646853f499e65c65fb, type: 2}
  m_StaticBatchInfo:
    firstSubMesh: 0
    subMeshCount: 0
  m_StaticBatchRoot: {fileID: 0}
  m_ProbeAnchor: {fileID: 0}
  m_LightProbeVolumeOverride: {fileID: 0}
  m_ScaleInLightmap: 1
  m_ReceiveGI: 1
  m_PreserveUVs: 0
  m_IgnoreNormalsForChartDetection: 0
  m_ImportantGI: 0
  m_StitchLightmapSeams: 1
  m_SelectedEditorRenderState: 2
  m_MinimumChartSize: 4
  m_AutoUVMaxDistance: 0.5
  m_AutoUVMaxAngle: 89
  m_LightmapParameters: {fileID: 0}
  m_SortingLayerID: 0
  m_SortingLayer: 0
  m_SortingOrder: 0
--- !u!33 &6792210620270372234
MeshFilter:
  m_ObjectHideFlags: 0
  m_CorrespondingSourceObject: {fileID: 0}
  m_PrefabInstance: {fileID: 0}
  m_PrefabAsset: {fileID: 0}
  m_GameObject: {fileID: 257910108233462819}
  m_Mesh: {fileID: 0}
--- !u!64 &7623688168591822411
MeshCollider:
  m_ObjectHideFlags: 0
  m_CorrespondingSourceObject: {fileID: 0}
  m_PrefabInstance: {fileID: 0}
  m_PrefabAsset: {fileID: 0}
  m_GameObject: {fileID: 257910108233462819}
  m_Material: {fileID: 0}
  m_IsTrigger: 0
  m_Enabled: 1
  serializedVersion: 4
  m_Convex: 0
  m_CookingOptions: 30
  m_Mesh: {fileID: 0}
